00100000         212345678000199001234567001417019  0123450000000067890 EMPRESA                       BANCO                                   10310202511225011225008301600                                                                     
00100011R01  042 2012345678000199001234567001417019  0123450000000067890 EMPRESA                                                                                                       000000010310202500000000                                 
0010001300001P 010123450000000067890 1234567890          711221234567890     0310202500000000001000000000 02N031020253000000000000000000000000000000000000000000000000000000000000000000000000000001234567890               3000000090000000000 
0010001300002Q 011000000000000000                                                                                               00000000                 0000000000000000                                        000                            
0010001300003R 01000000000000000000000000000000000000000000000000000000000000000000000000                                                                                                              0000000000000000 0000000000000 0         
00100015         000005000000000000010000000000000000000000000000                                                                                                                                                                               
00199999         000001000007000000                                                                                                                                                                                                             
