00100000         227860731000163003407078001417019  02273X0000000342432 NEVES PARTICIPACOES LTDA      BANCO DO BRASIL S/A                     12011202509125209125208301600                                                                     
00100011R01  042 2027860731000163003407078001417019  02273X0000000342432 NEVES PARTICIPACOES LTDA                                                                                      000000012011202500000000                                 
0010001300001P 0102273X0000000342432 34070780000001768   71122190-8/12       3006202600000000013019500000 02N20112025101072026000000000000043000000000000000000000000000000000000000000000000000000190-8/12                 1100000090020186723 
0010001300002Q 012055285459000170SANTOS ESTOFADOS LTDA                   RUA MONSENHOR WALDIR  247               CENTRO         62560000MARCO          CE0000000000000000                                        000                            
0010001300003R 01000000000000000000000000000000000000000000000000201072026000000000001000                                                                                                              0000000000000000 0000000000000 0         
0010001300004P 0102273X0000000342432 34070780000001771   71122190-11/12      3009202600000000013019500000 02N20112025101102026000000000000043000000000000000000000000000000000000000000000000000000190-11/12                1100000090020186723 
0010001300005Q 012055285459000170SANTOS ESTOFADOS LTDA                   RUA MONSENHOR WALDIR  247               CENTRO         62560000MARCO          CE0000000000000000                                        000                            
0010001300006R 01000000000000000000000000000000000000000000000000201102026000000000001000                                                                                                              0000000000000000 0000000000000 0         
0010001300007P 0102273X0000000342432 34070780000001769   71122190-9/12       3007202600000000013019500000 02N20112025131072026000000000000043000000000000000000000000000000000000000000000000000000190-9/12                 1100000090020186723 
0010001300008Q 012055285459000170SANTOS ESTOFADOS LTDA                   RUA MONSENHOR WALDIR  247               CENTRO         62560000MARCO          CE0000000000000000                                        000                            
0010001300009R 01000000000000000000000000000000000000000000000000231072026000000000001000                                                                                                              0000000000000000 0000000000000 0         
0010001300010P 0102273X0000000342432 34070780000001761   71122190-1/12       3011202500000000013019500000 02N20112025101122025000000000000043000000000000000000000000000000000000000000000000000000190-1/12                 1100000090020186723 
0010001300011Q 012055285459000170SANTOS ESTOFADOS LTDA                   RUA MONSENHOR WALDIR  247               CENTRO         62560000MARCO          CE0000000000000000                                        000                            
0010001300012R 01000000000000000000000000000000000000000000000000201122025000000000001000                                                                                                              0000000000000000 0000000000000 0         
0010001300013P 0102273X0000000342432 34070780000001763   71122190-3/12       3001202600000000013019500000 02N20112025131012026000000000000043000000000000000000000000000000000000000000000000000000190-3/12                 1100000090020186723 
0010001300014Q 012055285459000170SANTOS ESTOFADOS LTDA                   RUA MONSENHOR WALDIR  247               CENTRO         62560000MARCO          CE0000000000000000                                        000                            
0010001300015R 01000000000000000000000000000000000000000000000000231012026000000000001000                                                                                                              0000000000000000 0000000000000 0         
0010001300016P 0102273X0000000342432 34070780000001764   71122190-4/12       2802202600000000013019500000 02N20112025101032026000000000000043000000000000000000000000000000000000000000000000000000190-4/12                 1100000090020186723 
0010001300017Q 012055285459000170SANTOS ESTOFADOS LTDA                   RUA MONSENHOR WALDIR  247               CENTRO         62560000MARCO          CE0000000000000000                                        000                            
0010001300018R 01000000000000000000000000000000000000000000000000201032026000000000001000                                                                                                              0000000000000000 0000000000000 0         
0010001300019P 0102273X0000000342432 34070780000001765   71122190-5/12       3003202600000000013019500000 02N20112025131032026000000000000043000000000000000000000000000000000000000000000000000000190-5/12                 1100000090020186723 
0010001300020Q 012055285459000170SANTOS ESTOFADOS LTDA                   RUA MONSENHOR WALDIR  247               CENTRO         62560000MARCO          CE0000000000000000                                        000                            
0010001300021R 01000000000000000000000000000000000000000000000000231032026000000000001000                                                                                                              0000000000000000 0000000000000 0         
0010001300022P 0102273X0000000342432 34070780000001772   71122190-12/12      3010202600000000013019500000 02N20112025131102026000000000000043000000000000000000000000000000000000000000000000000000190-12/12                1100000090020186723 
0010001300023Q 012055285459000170SANTOS ESTOFADOS LTDA                   RUA MONSENHOR WALDIR  247               CENTRO         62560000MARCO          CE0000000000000000                                        000                            
0010001300024R 01000000000000000000000000000000000000000000000000231102026000000000001000                                                                                                              0000000000000000 0000000000000 0         
0010001300025P 0102273X0000000342432 34070780000001762   71122190-2/12       3012202500000000013019500000 02N20112025131122025000000000000043000000000000000000000000000000000000000000000000000000190-2/12                 1100000090020186723 
0010001300026Q 012055285459000170SANTOS ESTOFADOS LTDA                   RUA MONSENHOR WALDIR  247               CENTRO         62560000MARCO          CE0000000000000000                                        000                            
0010001300027R 01000000000000000000000000000000000000000000000000231122025000000000001000                                                                                                              0000000000000000 0000000000000 0         
0010001300028P 0102273X0000000342432 34070780000001767   71122190-7/12       3005202600000000013019500000 02N20112025131052026000000000000043000000000000000000000000000000000000000000000000000000190-7/12                 1100000090020186723 
0010001300029Q 012055285459000170SANTOS ESTOFADOS LTDA                   RUA MONSENHOR WALDIR  247               CENTRO         62560000MARCO          CE0000000000000000                                        000                            
0010001300030R 01000000000000000000000000000000000000000000000000231052026000000000001000                                                                                                              0000000000000000 0000000000000 0         
0010001300031P 0102273X0000000342432 34070780000001766   71122190-6/12       3004202600000000013019500000 02N20112025101052026000000000000043000000000000000000000000000000000000000000000000000000190-6/12                 1100000090020186723 
0010001300032Q 012055285459000170SANTOS ESTOFADOS LTDA                   RUA MONSENHOR WALDIR  247               CENTRO         62560000MARCO          CE0000000000000000                                        000                            
0010001300033R 01000000000000000000000000000000000000000000000000201052026000000000001000                                                                                                              0000000000000000 0000000000000 0         
0010001300034P 0102273X0000000342432 34070780000001770   71122190-10/12      3008202600000000013019500000 02N20112025131082026000000000000043000000000000000000000000000000000000000000000000000000190-10/12                1100000090020186723 
0010001300035Q 012055285459000170SANTOS ESTOFADOS LTDA                   RUA MONSENHOR WALDIR  247               CENTRO         62560000MARCO          CE0000000000000000                                        000                            
0010001300036R 01000000000000000000000000000000000000000000000000231082026000000000001000                                                                                                              0000000000000000 0000000000000 0         
00100015         000038000000000001562340000000000000000000000000                                                                                                                                                                               
00199999         000001000040000000                                                                                                                                                                                                             
