00100000         227860731000163003407078001417019  02273X0000000342432 NEVES PARTICIPACOES LTDA      BANCO DO BRASIL S/A                     13110202513575113575108301600                                                                     
00100011R01  042 2027860731000163003407078001417019  02273X0000000342432 NEVES PARTICIPACOES LTDA                                                                                      000000013110202500000000                                 
0010001300001P 0102273X0000000342432 34070780000000199   7112216-4/6         3011202500000000011000000000 02N3110202510112202500000000000003700000000000000000000000000000000000000000000000000000016-4/6                   1100000090020186723 
0010001300002Q 011000004233147342GEOVANE MEDRADO DA COSTA                RUA VEREADOR FERREIRA GOMES             BURITI         62580000ACARAU         CE0000000000000000                                        000                            
0010001300003R 01000000000000000000000000000000000000000000000000201122025000000000001000                                                                                                              0000000000000000 0000000000000 0         
0010001300004P 0102273X0000000342432 34070780000000201   7112216-6/6         3001202600000000011000000000 02N3110202513101202600000000000003700000000000000000000000000000000000000000000000000000016-6/6                   1100000090020186723 
0010001300005Q 011000004233147342GEOVANE MEDRADO DA COSTA                RUA VEREADOR FERREIRA GOMES             BURITI         62580000ACARAU         CE0000000000000000                                        000                            
0010001300006R 01000000000000000000000000000000000000000000000000231012026000000000001000                                                                                                              0000000000000000 0000000000000 0         
0010001300007P 0102273X0000000342432 34070780000000198   7112216-3/6         3010202500000000011000000000 02N3110202513110202500000000000003700000000000000000000000000000000000000000000000000000016-3/6                   1100000090020186723 
0010001300008Q 011000004233147342GEOVANE MEDRADO DA COSTA                RUA VEREADOR FERREIRA GOMES             BURITI         62580000ACARAU         CE0000000000000000                                        000                            
0010001300009R 01000000000000000000000000000000000000000000000000231102025000000000001000                                                                                                              0000000000000000 0000000000000 0         
0010001300010P 0102273X0000000342432 34070780000000200   7112216-5/6         3012202500000000011000000000 02N3110202513112202500000000000003700000000000000000000000000000000000000000000000000000016-5/6                   1100000090020186723 
0010001300011Q 011000004233147342GEOVANE MEDRADO DA COSTA                RUA VEREADOR FERREIRA GOMES             BURITI         62580000ACARAU         CE0000000000000000                                        000                            
0010001300012R 01000000000000000000000000000000000000000000000000231122025000000000001000                                                                                                              0000000000000000 0000000000000 0         
00100015         000014000000000000440000000000000000000000000000                                                                                                                                                                               
00199999         000001000016000000                                                                                                                                                                                                             
