00100000         227860731000163003407078001417019  02273X0000000342432 NEVES PARTICIPACOES LTDA      BANCO DO BRASIL S/A                     10810202515524915524908301600                                                                     
00100011R01  042 2027860731000163003407078001417019  02273X0000000342432 NEVES PARTICIPACOES LTDA                                                                                      000000010810202500000000                                 
0010001300001P 0102273X0000000342432 0000000937          7112278-9/12        2012202500000000003949500000 02N0810202512112202500000000000001300000000000000000000000000000000000000000000000000000078-9/12                  1100000090020186723 
0010001300002Q 011000006280195309VLADINA KESIA TOME SOUZA                RUA FRANCISCO TEOFILO ROCHA  8          CENTRO         62560000MARCO          CE0000000000000000                                        000                            
0010001300003R 01000000000000000000000000000000000000000000000000221122025000000000001000                                                                                                              0000000000000000 0000000000000 0         
0010001300004P 0102273X0000000342432 0000000938          7112278-10/12       2001202600000000003949500000 02N0810202512101202600000000000001300000000000000000000000000000000000000000000000000000078-10/12                 1100000090020186723 
0010001300005Q 011000006280195309VLADINA KESIA TOME SOUZA                RUA FRANCISCO TEOFILO ROCHA  8          CENTRO         62560000MARCO          CE0000000000000000                                        000                            
0010001300006R 01000000000000000000000000000000000000000000000000221012026000000000001000                                                                                                              0000000000000000 0000000000000 0         
0010001300007P 0102273X0000000342432 0000000940          7112278-12/12       2003202600000000003949500000 02N0810202512103202600000000000001300000000000000000000000000000000000000000000000000000078-12/12                 1100000090020186723 
0010001300008Q 011000006280195309VLADINA KESIA TOME SOUZA                RUA FRANCISCO TEOFILO ROCHA  8          CENTRO         62560000MARCO          CE0000000000000000                                        000                            
0010001300009R 01000000000000000000000000000000000000000000000000221032026000000000001000                                                                                                              0000000000000000 0000000000000 0         
0010001300010P 0102273X0000000342432 0000000939          7112278-11/12       2002202600000000003949500000 02N0810202512102202600000000000001300000000000000000000000000000000000000000000000000000078-11/12                 1100000090020186723 
0010001300011Q 011000006280195309VLADINA KESIA TOME SOUZA                RUA FRANCISCO TEOFILO ROCHA  8          CENTRO         62560000MARCO          CE0000000000000000                                        000                            
0010001300012R 01000000000000000000000000000000000000000000000000221022026000000000001000                                                                                                              0000000000000000 0000000000000 0         
0010001300013P 0102273X0000000342432 0000000935          7112278-7/12        2010202500000000003949500000 02N0810202512110202500000000000001300000000000000000000000000000000000000000000000000000078-7/12                  1100000090020186723 
0010001300014Q 011000006280195309VLADINA KESIA TOME SOUZA                RUA FRANCISCO TEOFILO ROCHA  8          CENTRO         62560000MARCO          CE0000000000000000                                        000                            
0010001300015R 01000000000000000000000000000000000000000000000000221102025000000000001000                                                                                                              0000000000000000 0000000000000 0         
0010001300016P 0102273X0000000342432 0000000936          7112278-8/12        2011202500000000003949500000 02N0810202512111202500000000000001300000000000000000000000000000000000000000000000000000078-8/12                  1100000090020186723 
0010001300017Q 011000006280195309VLADINA KESIA TOME SOUZA                RUA FRANCISCO TEOFILO ROCHA  8          CENTRO         62560000MARCO          CE0000000000000000                                        000                            
0010001300018R 01000000000000000000000000000000000000000000000000221112025000000000001000                                                                                                              0000000000000000 0000000000000 0         
00100015         000020000000000000236970000000000000000000000000                                                                                                                                                                               
00199999         000001000022000000                                                                                                                                                                                                             
