00100000         227860731000163003407078001417019  02273X0000000342432 NEVES PARTICIPACOES LTDA      BANCO DO BRASIL S/A                     12011202509545109545108301600                                                                     
00100011R01  042 2027860731000163003407078001417019  02273X0000000342432 NEVES PARTICIPACOES LTDA                                                                                      000000012011202500000000                                 
0010001300001P 0102273X0000000342432 34070780000001856   71122105-R8-1/12    2611202500000000005769500000 02N20112025127112025000000000000019000000000000000000000000000000000000000000000000000000105-R8-1/12              1100000090020186723 
0010001300002Q 011000002596876345SANDRA ELENA SILVA                      ROD BR403  218  APTO 206                TRIANGULO      62560000MARCO          CE0000000000000000                                        000                            
0010001300003R 01000000000000000000000000000000000000000000000000227112025000000000001000                                                                                                              0000000000000000 0000000000000 0         
0010001300004P 0102273X0000000342432 34070780000001857   71122105-R8-2/12    2612202500000000005769500000 02N20112025127122025000000000000019000000000000000000000000000000000000000000000000000000105-R8-2/12              1100000090020186723 
0010001300005Q 011000002596876345SANDRA ELENA SILVA                      ROD BR403  218  APTO 206                TRIANGULO      62560000MARCO          CE0000000000000000                                        000                            
0010001300006R 01000000000000000000000000000000000000000000000000227122025000000000001000                                                                                                              0000000000000000 0000000000000 0         
0010001300007P 0102273X0000000342432 34070780000001858   71122105-R8-3/12    2601202600000000005769500000 02N20112025127012026000000000000019000000000000000000000000000000000000000000000000000000105-R8-3/12              1100000090020186723 
0010001300008Q 011000002596876345SANDRA ELENA SILVA                      ROD BR403  218  APTO 206                TRIANGULO      62560000MARCO          CE0000000000000000                                        000                            
0010001300009R 01000000000000000000000000000000000000000000000000227012026000000000001000                                                                                                              0000000000000000 0000000000000 0         
0010001300010P 0102273X0000000342432 34070780000001859   71122105-R8-4/12    2602202600000000005769500000 02N20112025127022026000000000000019000000000000000000000000000000000000000000000000000000105-R8-4/12              1100000090020186723 
0010001300011Q 011000002596876345SANDRA ELENA SILVA                      ROD BR403  218  APTO 206                TRIANGULO      62560000MARCO          CE0000000000000000                                        000                            
0010001300012R 01000000000000000000000000000000000000000000000000227022026000000000001000                                                                                                              0000000000000000 0000000000000 0         
0010001300013P 0102273X0000000342432 34070780000001860   71122105-R8-5/12    2603202600000000005769500000 02N20112025127032026000000000000019000000000000000000000000000000000000000000000000000000105-R8-5/12              1100000090020186723 
0010001300014Q 011000002596876345SANDRA ELENA SILVA                      ROD BR403  218  APTO 206                TRIANGULO      62560000MARCO          CE0000000000000000                                        000                            
0010001300015R 01000000000000000000000000000000000000000000000000227032026000000000001000                                                                                                              0000000000000000 0000000000000 0         
0010001300016P 0102273X0000000342432 34070780000001861   71122105-R8-6/12    2604202600000000005769500000 02N20112025127042026000000000000019000000000000000000000000000000000000000000000000000000105-R8-6/12              1100000090020186723 
0010001300017Q 011000002596876345SANDRA ELENA SILVA                      ROD BR403  218  APTO 206                TRIANGULO      62560000MARCO          CE0000000000000000                                        000                            
0010001300018R 01000000000000000000000000000000000000000000000000227042026000000000001000                                                                                                              0000000000000000 0000000000000 0         
0010001300019P 0102273X0000000342432 34070780000001862   71122105-R8-7/12    2605202600000000005769500000 02N20112025127052026000000000000019000000000000000000000000000000000000000000000000000000105-R8-7/12              1100000090020186723 
0010001300020Q 011000002596876345SANDRA ELENA SILVA                      ROD BR403  218  APTO 206                TRIANGULO      62560000MARCO          CE0000000000000000                                        000                            
0010001300021R 01000000000000000000000000000000000000000000000000227052026000000000001000                                                                                                              0000000000000000 0000000000000 0         
0010001300022P 0102273X0000000342432 34070780000001863   71122105-R8-8/12    2606202600000000005769500000 02N20112025127062026000000000000019000000000000000000000000000000000000000000000000000000105-R8-8/12              1100000090020186723 
0010001300023Q 011000002596876345SANDRA ELENA SILVA                      ROD BR403  218  APTO 206                TRIANGULO      62560000MARCO          CE0000000000000000                                        000                            
0010001300024R 01000000000000000000000000000000000000000000000000227062026000000000001000                                                                                                              0000000000000000 0000000000000 0         
0010001300025P 0102273X0000000342432 34070780000001864   71122105-R8-9/12    2607202600000000005769500000 02N20112025127072026000000000000019000000000000000000000000000000000000000000000000000000105-R8-9/12              1100000090020186723 
0010001300026Q 011000002596876345SANDRA ELENA SILVA                      ROD BR403  218  APTO 206                TRIANGULO      62560000MARCO          CE0000000000000000                                        000                            
0010001300027R 01000000000000000000000000000000000000000000000000227072026000000000001000                                                                                                              0000000000000000 0000000000000 0         
0010001300028P 0102273X0000000342432 34070780000001865   71122105-R8-10/12   2608202600000000005769500000 02N20112025127082026000000000000019000000000000000000000000000000000000000000000000000000105-R8-10/12             1100000090020186723 
0010001300029Q 011000002596876345SANDRA ELENA SILVA                      ROD BR403  218  APTO 206                TRIANGULO      62560000MARCO          CE0000000000000000                                        000                            
0010001300030R 01000000000000000000000000000000000000000000000000227082026000000000001000                                                                                                              0000000000000000 0000000000000 0         
0010001300031P 0102273X0000000342432 34070780000001866   71122105-R8-11/12   2609202600000000005769500000 02N20112025127092026000000000000019000000000000000000000000000000000000000000000000000000105-R8-11/12             1100000090020186723 
0010001300032Q 011000002596876345SANDRA ELENA SILVA                      ROD BR403  218  APTO 206                TRIANGULO      62560000MARCO          CE0000000000000000                                        000                            
0010001300033R 01000000000000000000000000000000000000000000000000227092026000000000001000                                                                                                              0000000000000000 0000000000000 0         
0010001300034P 0102273X0000000342432 34070780000001867   71122105-R8-12/12   2610202600000000005769500000 02N20112025127102026000000000000019000000000000000000000000000000000000000000000000000000105-R8-12/12             1100000090020186723 
0010001300035Q 011000002596876345SANDRA ELENA SILVA                      ROD BR403  218  APTO 206                TRIANGULO      62560000MARCO          CE0000000000000000                                        000                            
0010001300036R 01000000000000000000000000000000000000000000000000227102026000000000001000                                                                                                              0000000000000000 0000000000000 0         
00100015         000038000000000000692340000000000000000000000000                                                                                                                                                                               
00199999         000001000040000000                                                                                                                                                                                                             
