00100000         227860731000163003407078001417019  02273X0000000342432 NEVES PARTICIPACOES LTDA      BANCO DO BRASIL S/A                     11610202520190620190608301600                                                                     
00100011R01  042 2027860731000163003407078001417019  02273X0000000342432 NEVES PARTICIPACOES LTDA                                                                                      000000011610202500000000                                 
0010001300001P 0102273X0000000342432 34070780000001401   71122168-12/12      0409202600000000002109500000 02N16102025105092026000000000000007000000000000000000000000000000000000000000000000000000168-12/12                1100000090020186723 
0010001300002Q 011000005377844386RITA KELLY JOVINO SILVA                 RUA PE APOLIANO  385                    CENTRO         62560000MARCO          CE0000000000000000                                        000                            
0010001300003R 01000000000000000000000000000000000000000000000000205092026000000000001000                                                                                                              0000000000000000 0000000000000 0         
0010001300004P 0102273X0000000342432 34070780000001394   71122168-5/12       0402202600000000002109500000 02N16102025105022026000000000000007000000000000000000000000000000000000000000000000000000168-5/12                 1100000090020186723 
0010001300005Q 011000005377844386RITA KELLY JOVINO SILVA                 RUA PE APOLIANO  385                    CENTRO         62560000MARCO          CE0000000000000000                                        000                            
0010001300006R 01000000000000000000000000000000000000000000000000205022026000000000001000                                                                                                              0000000000000000 0000000000000 0         
0010001300007P 0102273X0000000342432 34070780000001397   71122168-8/12       0405202600000000002109500000 02N16102025105052026000000000000007000000000000000000000000000000000000000000000000000000168-8/12                 1100000090020186723 
0010001300008Q 011000005377844386RITA KELLY JOVINO SILVA                 RUA PE APOLIANO  385                    CENTRO         62560000MARCO          CE0000000000000000                                        000                            
0010001300009R 01000000000000000000000000000000000000000000000000205052026000000000001000                                                                                                              0000000000000000 0000000000000 0         
0010001300010P 0102273X0000000342432 34070780000001396   71122168-7/12       0404202600000000002109500000 02N16102025105042026000000000000007000000000000000000000000000000000000000000000000000000168-7/12                 1100000090020186723 
0010001300011Q 011000005377844386RITA KELLY JOVINO SILVA                 RUA PE APOLIANO  385                    CENTRO         62560000MARCO          CE0000000000000000                                        000                            
0010001300012R 01000000000000000000000000000000000000000000000000205042026000000000001000                                                                                                              0000000000000000 0000000000000 0         
0010001300013P 0102273X0000000342432 34070780000001393   71122168-4/12       0401202600000000002109500000 02N16102025105012026000000000000007000000000000000000000000000000000000000000000000000000168-4/12                 1100000090020186723 
0010001300014Q 011000005377844386RITA KELLY JOVINO SILVA                 RUA PE APOLIANO  385                    CENTRO         62560000MARCO          CE0000000000000000                                        000                            
0010001300015R 01000000000000000000000000000000000000000000000000205012026000000000001000                                                                                                              0000000000000000 0000000000000 0         
0010001300016P 0102273X0000000342432 34070780000001399   71122168-10/12      0407202600000000002109500000 02N16102025105072026000000000000007000000000000000000000000000000000000000000000000000000168-10/12                1100000090020186723 
0010001300017Q 011000005377844386RITA KELLY JOVINO SILVA                 RUA PE APOLIANO  385                    CENTRO         62560000MARCO          CE0000000000000000                                        000                            
0010001300018R 01000000000000000000000000000000000000000000000000205072026000000000001000                                                                                                              0000000000000000 0000000000000 0         
0010001300019P 0102273X0000000342432 34070780000001392   71122168-3/12       0412202500000000002109500000 02N16102025105122025000000000000007000000000000000000000000000000000000000000000000000000168-3/12                 1100000090020186723 
0010001300020Q 011000005377844386RITA KELLY JOVINO SILVA                 RUA PE APOLIANO  385                    CENTRO         62560000MARCO          CE0000000000000000                                        000                            
0010001300021R 01000000000000000000000000000000000000000000000000205122025000000000001000                                                                                                              0000000000000000 0000000000000 0         
0010001300022P 0102273X0000000342432 34070780000001398   71122168-9/12       0406202600000000002109500000 02N16102025105062026000000000000007000000000000000000000000000000000000000000000000000000168-9/12                 1100000090020186723 
0010001300023Q 011000005377844386RITA KELLY JOVINO SILVA                 RUA PE APOLIANO  385                    CENTRO         62560000MARCO          CE0000000000000000                                        000                            
0010001300024R 01000000000000000000000000000000000000000000000000205062026000000000001000                                                                                                              0000000000000000 0000000000000 0         
0010001300025P 0102273X0000000342432 34070780000001395   71122168-6/12       0403202600000000002109500000 02N16102025105032026000000000000007000000000000000000000000000000000000000000000000000000168-6/12                 1100000090020186723 
0010001300026Q 011000005377844386RITA KELLY JOVINO SILVA                 RUA PE APOLIANO  385                    CENTRO         62560000MARCO          CE0000000000000000                                        000                            
0010001300027R 01000000000000000000000000000000000000000000000000205032026000000000001000                                                                                                              0000000000000000 0000000000000 0         
0010001300028P 0102273X0000000342432 34070780000001400   71122168-11/12      0408202600000000002109500000 02N16102025105082026000000000000007000000000000000000000000000000000000000000000000000000168-11/12                1100000090020186723 
0010001300029Q 011000005377844386RITA KELLY JOVINO SILVA                 RUA PE APOLIANO  385                    CENTRO         62560000MARCO          CE0000000000000000                                        000                            
0010001300030R 01000000000000000000000000000000000000000000000000205082026000000000001000                                                                                                              0000000000000000 0000000000000 0         
00100015         000032000000000000210950000000000000000000000000                                                                                                                                                                               
00199999         000001000034000000                                                                                                                                                                                                             
