00100000         227860731000163003407078001417019  02273X0000000342432 NEVES PARTICIPACOES LTDA      BANCO DO BRASIL S/A                     10810202510431410431408301600                                                                     
00100011R01  042 2027860731000163003407078001417019  02273X0000000342432 NEVES PARTICIPACOES LTDA                                                                                      000000010810202500000000                                 
0010001300001P 0102273X0000000342432 0000000670          7112256-10/12       2010202500000000034100000000 02N0810202512110202500000000000011400000000000000000000000000000000000000000000000000000056-10/12                 1100000090020186723 
0010001300002Q 012039290121000150BELLA CASA DESIGN COMERCIO DE MOBEIS EIRROD BR403  218 TERREO                   TRIANGULO      62560000MARCO          CE0000000000000000                                        000                            
0010001300003R 01000000000000000000000000000000000000000000000000221102025000000000001000                                                                                                              0000000000000000 0000000000000 0         
0010001300004P 0102273X0000000342432 0000000672          7112256-12/12       2012202500000000034100000000 02N0810202512112202500000000000011400000000000000000000000000000000000000000000000000000056-12/12                 1100000090020186723 
0010001300005Q 012039290121000150BELLA CASA DESIGN COMERCIO DE MOBEIS EIRROD BR403  218 TERREO                   TRIANGULO      62560000MARCO          CE0000000000000000                                        000                            
0010001300006R 01000000000000000000000000000000000000000000000000221122025000000000001000                                                                                                              0000000000000000 0000000000000 0         
0010001300007P 0102273X0000000342432 0000000671          7112256-11/12       2011202500000000034100000000 02N0810202512111202500000000000011400000000000000000000000000000000000000000000000000000056-11/12                 1100000090020186723 
0010001300008Q 012039290121000150BELLA CASA DESIGN COMERCIO DE MOBEIS EIRROD BR403  218 TERREO                   TRIANGULO      62560000MARCO          CE0000000000000000                                        000                            
0010001300009R 01000000000000000000000000000000000000000000000000221112025000000000001000                                                                                                              0000000000000000 0000000000000 0         
00100015         000011000000000001023000000000000000000000000000                                                                                                                                                                               
00199999         000001000013000000                                                                                                                                                                                                             
