00100000         227860731000163003407078001417019  02273X0000000342432 NEVES PARTICIPACOES LTDA      BANCO DO BRASIL S/A                     11811202514455114455108301600                                                                     
00100011R01  042 2027860731000163003407078001417019  02273X0000000342432 NEVES PARTICIPACOES LTDA                                                                                      000000011811202500000000                                 
0010001300001P 0102273X0000000342432 34070780000001829   71122191-2/12       1801202600000000010019500000 02N18112025119012026000000000000033000000000000000000000000000000000000000000000000000000191-2/12                 1100000090020186723 
0010001300002Q 011000008325130326MARCOS YAN FONTELES ROCHA               MORRO DAS ROCHAS                        NORTE          62150000SANTANA DO ACARCE0000000000000000                                        000                            
0010001300003R 01000000000000000000000000000000000000000000000000219012026000000000001000                                                                                                              0000000000000000 0000000000000 0         
0010001300004P 0102273X0000000342432 34070780000001832   71122191-5/12       1804202600000000010019500000 02N18112025119042026000000000000033000000000000000000000000000000000000000000000000000000191-5/12                 1100000090020186723 
0010001300005Q 011000008325130326MARCOS YAN FONTELES ROCHA               MORRO DAS ROCHAS                        NORTE          62150000SANTANA DO ACARCE0000000000000000                                        000                            
0010001300006R 01000000000000000000000000000000000000000000000000219042026000000000001000                                                                                                              0000000000000000 0000000000000 0         
0010001300007P 0102273X0000000342432 34070780000001828   71122191-1/12       1812202500000000010019500000 02N18112025119122025000000000000033000000000000000000000000000000000000000000000000000000191-1/12                 1100000090020186723 
0010001300008Q 011000008325130326MARCOS YAN FONTELES ROCHA               MORRO DAS ROCHAS                        NORTE          62150000SANTANA DO ACARCE0000000000000000                                        000                            
0010001300009R 01000000000000000000000000000000000000000000000000219122025000000000001000                                                                                                              0000000000000000 0000000000000 0         
0010001300010P 0102273X0000000342432 34070780000001839   71122191-12/12      1811202600000000010019500000 02N18112025119112026000000000000033000000000000000000000000000000000000000000000000000000191-12/12                1100000090020186723 
0010001300011Q 011000008325130326MARCOS YAN FONTELES ROCHA               MORRO DAS ROCHAS                        NORTE          62150000SANTANA DO ACARCE0000000000000000                                        000                            
0010001300012R 01000000000000000000000000000000000000000000000000219112026000000000001000                                                                                                              0000000000000000 0000000000000 0         
0010001300013P 0102273X0000000342432 34070780000001838   71122191-11/12      1810202600000000010019500000 02N18112025119102026000000000000033000000000000000000000000000000000000000000000000000000191-11/12                1100000090020186723 
0010001300014Q 011000008325130326MARCOS YAN FONTELES ROCHA               MORRO DAS ROCHAS                        NORTE          62150000SANTANA DO ACARCE0000000000000000                                        000                            
0010001300015R 01000000000000000000000000000000000000000000000000219102026000000000001000                                                                                                              0000000000000000 0000000000000 0         
0010001300016P 0102273X0000000342432 34070780000001837   71122191-10/12      1809202600000000010019500000 02N18112025119092026000000000000033000000000000000000000000000000000000000000000000000000191-10/12                1100000090020186723 
0010001300017Q 011000008325130326MARCOS YAN FONTELES ROCHA               MORRO DAS ROCHAS                        NORTE          62150000SANTANA DO ACARCE0000000000000000                                        000                            
0010001300018R 01000000000000000000000000000000000000000000000000219092026000000000001000                                                                                                              0000000000000000 0000000000000 0         
0010001300019P 0102273X0000000342432 34070780000001833   71122191-6/12       1805202600000000010019500000 02N18112025119052026000000000000033000000000000000000000000000000000000000000000000000000191-6/12                 1100000090020186723 
0010001300020Q 011000008325130326MARCOS YAN FONTELES ROCHA               MORRO DAS ROCHAS                        NORTE          62150000SANTANA DO ACARCE0000000000000000                                        000                            
0010001300021R 01000000000000000000000000000000000000000000000000219052026000000000001000                                                                                                              0000000000000000 0000000000000 0         
0010001300022P 0102273X0000000342432 34070780000001835   71122191-8/12       1807202600000000010019500000 02N18112025119072026000000000000033000000000000000000000000000000000000000000000000000000191-8/12                 1100000090020186723 
0010001300023Q 011000008325130326MARCOS YAN FONTELES ROCHA               MORRO DAS ROCHAS                        NORTE          62150000SANTANA DO ACARCE0000000000000000                                        000                            
0010001300024R 01000000000000000000000000000000000000000000000000219072026000000000001000                                                                                                              0000000000000000 0000000000000 0         
0010001300025P 0102273X0000000342432 34070780000001836   71122191-9/12       1808202600000000010019500000 02N18112025119082026000000000000033000000000000000000000000000000000000000000000000000000191-9/12                 1100000090020186723 
0010001300026Q 011000008325130326MARCOS YAN FONTELES ROCHA               MORRO DAS ROCHAS                        NORTE          62150000SANTANA DO ACARCE0000000000000000                                        000                            
0010001300027R 01000000000000000000000000000000000000000000000000219082026000000000001000                                                                                                              0000000000000000 0000000000000 0         
0010001300028P 0102273X0000000342432 34070780000001830   71122191-3/12       1802202600000000010019500000 02N18112025119022026000000000000033000000000000000000000000000000000000000000000000000000191-3/12                 1100000090020186723 
0010001300029Q 011000008325130326MARCOS YAN FONTELES ROCHA               MORRO DAS ROCHAS                        NORTE          62150000SANTANA DO ACARCE0000000000000000                                        000                            
0010001300030R 01000000000000000000000000000000000000000000000000219022026000000000001000                                                                                                              0000000000000000 0000000000000 0         
0010001300031P 0102273X0000000342432 34070780000001834   71122191-7/12       1806202600000000010019500000 02N18112025119062026000000000000033000000000000000000000000000000000000000000000000000000191-7/12                 1100000090020186723 
0010001300032Q 011000008325130326MARCOS YAN FONTELES ROCHA               MORRO DAS ROCHAS                        NORTE          62150000SANTANA DO ACARCE0000000000000000                                        000                            
0010001300033R 01000000000000000000000000000000000000000000000000219062026000000000001000                                                                                                              0000000000000000 0000000000000 0         
0010001300034P 0102273X0000000342432 34070780000001831   71122191-4/12       1803202600000000010019500000 02N18112025119032026000000000000033000000000000000000000000000000000000000000000000000000191-4/12                 1100000090020186723 
0010001300035Q 011000008325130326MARCOS YAN FONTELES ROCHA               MORRO DAS ROCHAS                        NORTE          62150000SANTANA DO ACARCE0000000000000000                                        000                            
0010001300036R 01000000000000000000000000000000000000000000000000219032026000000000001000                                                                                                              0000000000000000 0000000000000 0         
00100015         000038000000000001202340000000000000000000000000                                                                                                                                                                               
00199999         000001000040000000                                                                                                                                                                                                             
