00100000         227860731000163003407078001417019  02273X0000000342432 NEVES PARTICIPACOES LTDA      BANCO DO BRASIL S/A                     10310202514051514051508301600                                                                     
00100011R01  042 2027860731000163003407078001417019  02273X0000000342432 NEVES PARTICIPACOES LTDA                                                                                      000000010310202500000000                                 
0010001300001P 0102273X0000000342432 0000001512          71122181-48/48      1503202800000000020019500000 02N03102025116032028000000000000067000000000000000000000000000000000000000000000000000000181-48/48                1100000090020186723 
0010001300002Q 012054922350000134CASA MAR EMPREENDIMENTOS                RUA JOAO PRADO  168                     MATADOURO      23970000PARATY         RJ0000000000000000                                        000                            
0010001300003R 01000000000000000000000000000000000000000000000000216032028000000000001000                                                                                                              0000000000000000 0000000000000 0         
00100015         000005000000000000200195000000000000000000000000                                                                                                                                                                               
00199999         000001000007000000                                                                                                                                                                                                             
