00100000         227860731000163003407078001417019  02273X0000000342432 NEVES PARTICIPACOES LTDA      BANCO DO BRASIL S/A                     11710202509123109123108301600                                                                     
00100011R01  042 2027860731000163003407078001417019  02273X0000000342432 NEVES PARTICIPACOES LTDA                                                                                      000000011710202500000000                                 
0010001300001P 0102273X0000000342432 34070780000000974   7112281-10/12       2510202500000000002000000000 02N1710202512610202500000000000000700000000000000000000000000000000000000000000000000000081-10/12                 1100000090020186723 
0010001300002Q 011000046367586334JOSE ELENILTON DA SILVA                 VILA TRIANGULO  SN                      TRIANGULO      62560000MARCO          CE0000000000000000                                        000                            
0010001300003R 01000000000000000000000000000000000000000000000000226102025000000000001000                                                                                                              0000000000000000 0000000000000 0         
0010001300004P 0102273X0000000342432 34070780000000975   7112281-11/12       2511202500000000002000000000 02N1710202512611202500000000000000700000000000000000000000000000000000000000000000000000081-11/12                 1100000090020186723 
0010001300005Q 011000046367586334JOSE ELENILTON DA SILVA                 VILA TRIANGULO  SN                      TRIANGULO      62560000MARCO          CE0000000000000000                                        000                            
0010001300006R 01000000000000000000000000000000000000000000000000226112025000000000001000                                                                                                              0000000000000000 0000000000000 0         
00100015         000008000000000000040000000000000000000000000000                                                                                                                                                                               
00199999         000001000010000000                                                                                                                                                                                                             
