00100000         227860731000163003407078001417019  02273X0000000342432 NEVES PARTICIPACOES LTDA      BANCO DO BRASIL S/A                     11911202509572609572608301600                                                                     
00100011R01  042 2027860731000163003407078001417019  02273X0000000342432 NEVES PARTICIPACOES LTDA                                                                                      000000011911202500000000                                 
0010001300001P 0102273X0000000342432 34070780000001555   71122187-9/12       1602202600000000005979500000 02N19112025117022026000000000000020000000000000000000000000000000000000000000000000000000187-9/12                 1100000090020186723 
0010001300002Q 011000062754556320MARCELO GONCALVES OLIVEIRA              RUA MESSIAS BARROSO VERAS  1050         BOA VISTA      62375000CARNAUBAL      CE0000000000000000                                        000                            
0010001300003R 01000000000000000000000000000000000000000000000000217022026000000000001000                                                                                                              0000000000000000 0000000000000 0         
0010001300004P 0102273X0000000342432 34070780000001553   71122187-7/12       1612202500000000005979500000 02N19112025117122025000000000000020000000000000000000000000000000000000000000000000000000187-7/12                 1100000090020186723 
0010001300005Q 011000062754556320MARCELO GONCALVES OLIVEIRA              RUA MESSIAS BARROSO VERAS  1050         BOA VISTA      62375000CARNAUBAL      CE0000000000000000                                        000                            
0010001300006R 01000000000000000000000000000000000000000000000000217122025000000000001000                                                                                                              0000000000000000 0000000000000 0         
0010001300007P 0102273X0000000342432 34070780000001554   71122187-8/12       1601202600000000005979500000 02N19112025117012026000000000000020000000000000000000000000000000000000000000000000000000187-8/12                 1100000090020186723 
0010001300008Q 011000062754556320MARCELO GONCALVES OLIVEIRA              RUA MESSIAS BARROSO VERAS  1050         BOA VISTA      62375000CARNAUBAL      CE0000000000000000                                        000                            
0010001300009R 01000000000000000000000000000000000000000000000000217012026000000000001000                                                                                                              0000000000000000 0000000000000 0         
0010001300010P 0102273X0000000342432 34070780000001558   71122187-12/12      1605202600000000005979500000 02N19112025117052026000000000000020000000000000000000000000000000000000000000000000000000187-12/12                1100000090020186723 
0010001300011Q 011000062754556320MARCELO GONCALVES OLIVEIRA              RUA MESSIAS BARROSO VERAS  1050         BOA VISTA      62375000CARNAUBAL      CE0000000000000000                                        000                            
0010001300012R 01000000000000000000000000000000000000000000000000217052026000000000001000                                                                                                              0000000000000000 0000000000000 0         
0010001300013P 0102273X0000000342432 34070780000001556   71122187-10/12      1603202600000000005979500000 02N19112025117032026000000000000020000000000000000000000000000000000000000000000000000000187-10/12                1100000090020186723 
0010001300014Q 011000062754556320MARCELO GONCALVES OLIVEIRA              RUA MESSIAS BARROSO VERAS  1050         BOA VISTA      62375000CARNAUBAL      CE0000000000000000                                        000                            
0010001300015R 01000000000000000000000000000000000000000000000000217032026000000000001000                                                                                                              0000000000000000 0000000000000 0         
0010001300016P 0102273X0000000342432 34070780000001557   71122187-11/12      1604202600000000005979500000 02N19112025117042026000000000000020000000000000000000000000000000000000000000000000000000187-11/12                1100000090020186723 
0010001300017Q 011000062754556320MARCELO GONCALVES OLIVEIRA              RUA MESSIAS BARROSO VERAS  1050         BOA VISTA      62375000CARNAUBAL      CE0000000000000000                                        000                            
0010001300018R 01000000000000000000000000000000000000000000000000217042026000000000001000                                                                                                              0000000000000000 0000000000000 0         
00100015         000020000000000000358770000000000000000000000000                                                                                                                                                                               
00199999         000001000022000000                                                                                                                                                                                                             
