00100000         227860731000163003407078001417019  02273X0000000342432 NEVES PARTICIPACOES LTDA      BANCO DO BRASIL S/A                     11710202515461515461508301600                                                                     
00100011R01  042 2027860731000163003407078001417019  02273X0000000342432 NEVES PARTICIPACOES LTDA                                                                                      000000011710202500000000                                 
0010001300001P 0102273X0000000342432 34070780000001745   71122189-1/2        1811202500000000000100000000 02N17102025119112025000000000000000000000000000000000000000000000000000000000000000000000189-1/2                  1100000090020186723 
0010001300002Q 011000060619204311VITORIA HELEN VASCONCELOS DE SOUSA SILVERUA TRIANGULO                           TRIANGULO      62560000MARCO          CE0000000000000000                                        000                            
0010001300003R 01000000000000000000000000000000000000000000000000219112025000000000001000                                                                                                              0000000000000000 0000000000000 0         
0010001300004P 0102273X0000000342432 34070780000001746   71122189-2/2        1812202500000000000100000000 02N17102025119122025000000000000000000000000000000000000000000000000000000000000000000000189-2/2                  1100000090020186723 
0010001300005Q 011000060619204311VITORIA HELEN VASCONCELOS DE SOUSA SILVERUA TRIANGULO                           TRIANGULO      62560000MARCO          CE0000000000000000                                        000                            
0010001300006R 01000000000000000000000000000000000000000000000000219122025000000000001000                                                                                                              0000000000000000 0000000000000 0         
00100015         000008000000000000002000000000000000000000000000                                                                                                                                                                               
00199999         000001000010000000                                                                                                                                                                                                             
