00100000         227860731000163003407078001417019  02273X0000000342432 NEVES PARTICIPACOES LTDA      BANCO DO BRASIL S/A                     11911202510324610324608301600                                                                     
00100011R01  042 2027860731000163003407078001417019  02273X0000000342432 NEVES PARTICIPACOES LTDA                                                                                      000000011911202500000000                                 
0010001300001P 0102273X0000000342432 34070780000001841   71122192-1/12       2112202500000000005679500000 02N19112025122122025000000000000019000000000000000000000000000000000000000000000000000000192-1/12                 1100000090020186723 
0010001300002Q 011000024633546821JOSE VIEIRA NETO                        BR402  KM 183/184  218                  TRIANGULO      62560000MARCO          CE0000000000000000                                        000                            
0010001300003R 01000000000000000000000000000000000000000000000000222122025000000000001000                                                                                                              0000000000000000 0000000000000 0         
0010001300004P 0102273X0000000342432 34070780000001842   71122192-2/12       2101202600000000005679500000 02N19112025122012026000000000000019000000000000000000000000000000000000000000000000000000192-2/12                 1100000090020186723 
0010001300005Q 011000024633546821JOSE VIEIRA NETO                        BR402  KM 183/184  218                  TRIANGULO      62560000MARCO          CE0000000000000000                                        000                            
0010001300006R 01000000000000000000000000000000000000000000000000222012026000000000001000                                                                                                              0000000000000000 0000000000000 0         
0010001300007P 0102273X0000000342432 34070780000001843   71122192-3/12       2102202600000000005679500000 02N19112025122022026000000000000019000000000000000000000000000000000000000000000000000000192-3/12                 1100000090020186723 
0010001300008Q 011000024633546821JOSE VIEIRA NETO                        BR402  KM 183/184  218                  TRIANGULO      62560000MARCO          CE0000000000000000                                        000                            
0010001300009R 01000000000000000000000000000000000000000000000000222022026000000000001000                                                                                                              0000000000000000 0000000000000 0         
0010001300010P 0102273X0000000342432 34070780000001844   71122192-4/12       2103202600000000005679500000 02N19112025122032026000000000000019000000000000000000000000000000000000000000000000000000192-4/12                 1100000090020186723 
0010001300011Q 011000024633546821JOSE VIEIRA NETO                        BR402  KM 183/184  218                  TRIANGULO      62560000MARCO          CE0000000000000000                                        000                            
0010001300012R 01000000000000000000000000000000000000000000000000222032026000000000001000                                                                                                              0000000000000000 0000000000000 0         
0010001300013P 0102273X0000000342432 34070780000001845   71122192-5/12       2104202600000000005679500000 02N19112025122042026000000000000019000000000000000000000000000000000000000000000000000000192-5/12                 1100000090020186723 
0010001300014Q 011000024633546821JOSE VIEIRA NETO                        BR402  KM 183/184  218                  TRIANGULO      62560000MARCO          CE0000000000000000                                        000                            
0010001300015R 01000000000000000000000000000000000000000000000000222042026000000000001000                                                                                                              0000000000000000 0000000000000 0         
0010001300016P 0102273X0000000342432 34070780000001846   71122192-6/12       2105202600000000005679500000 02N19112025122052026000000000000019000000000000000000000000000000000000000000000000000000192-6/12                 1100000090020186723 
0010001300017Q 011000024633546821JOSE VIEIRA NETO                        BR402  KM 183/184  218                  TRIANGULO      62560000MARCO          CE0000000000000000                                        000                            
0010001300018R 01000000000000000000000000000000000000000000000000222052026000000000001000                                                                                                              0000000000000000 0000000000000 0         
0010001300019P 0102273X0000000342432 34070780000001847   71122192-7/12       2106202600000000005679500000 02N19112025122062026000000000000019000000000000000000000000000000000000000000000000000000192-7/12                 1100000090020186723 
0010001300020Q 011000024633546821JOSE VIEIRA NETO                        BR402  KM 183/184  218                  TRIANGULO      62560000MARCO          CE0000000000000000                                        000                            
0010001300021R 01000000000000000000000000000000000000000000000000222062026000000000001000                                                                                                              0000000000000000 0000000000000 0         
0010001300022P 0102273X0000000342432 34070780000001848   71122192-8/12       2107202600000000005679500000 02N19112025122072026000000000000019000000000000000000000000000000000000000000000000000000192-8/12                 1100000090020186723 
0010001300023Q 011000024633546821JOSE VIEIRA NETO                        BR402  KM 183/184  218                  TRIANGULO      62560000MARCO          CE0000000000000000                                        000                            
0010001300024R 01000000000000000000000000000000000000000000000000222072026000000000001000                                                                                                              0000000000000000 0000000000000 0         
0010001300025P 0102273X0000000342432 34070780000001849   71122192-9/12       2108202600000000005679500000 02N19112025122082026000000000000019000000000000000000000000000000000000000000000000000000192-9/12                 1100000090020186723 
0010001300026Q 011000024633546821JOSE VIEIRA NETO                        BR402  KM 183/184  218                  TRIANGULO      62560000MARCO          CE0000000000000000                                        000                            
0010001300027R 01000000000000000000000000000000000000000000000000222082026000000000001000                                                                                                              0000000000000000 0000000000000 0         
0010001300028P 0102273X0000000342432 34070780000001850   71122192-10/12      2109202600000000005679500000 02N19112025122092026000000000000019000000000000000000000000000000000000000000000000000000192-10/12                1100000090020186723 
0010001300029Q 011000024633546821JOSE VIEIRA NETO                        BR402  KM 183/184  218                  TRIANGULO      62560000MARCO          CE0000000000000000                                        000                            
0010001300030R 01000000000000000000000000000000000000000000000000222092026000000000001000                                                                                                              0000000000000000 0000000000000 0         
0010001300031P 0102273X0000000342432 34070780000001851   71122192-11/12      2110202600000000005679500000 02N19112025122102026000000000000019000000000000000000000000000000000000000000000000000000192-11/12                1100000090020186723 
0010001300032Q 011000024633546821JOSE VIEIRA NETO                        BR402  KM 183/184  218                  TRIANGULO      62560000MARCO          CE0000000000000000                                        000                            
0010001300033R 01000000000000000000000000000000000000000000000000222102026000000000001000                                                                                                              0000000000000000 0000000000000 0         
0010001300034P 0102273X0000000342432 34070780000001852   71122192-12/12      2111202600000000005679500000 02N19112025122112026000000000000019000000000000000000000000000000000000000000000000000000192-12/12                1100000090020186723 
0010001300035Q 011000024633546821JOSE VIEIRA NETO                        BR402  KM 183/184  218                  TRIANGULO      62560000MARCO          CE0000000000000000                                        000                            
0010001300036R 01000000000000000000000000000000000000000000000000222112026000000000001000                                                                                                              0000000000000000 0000000000000 0         
00100015         000038000000000000681540000000000000000000000000                                                                                                                                                                               
00199999         000001000040000000                                                                                                                                                                                                             
