00100000         273584245000187001310698001417000  02273X0000000142433 MADRESILVA INDUSTRIA DE MOVEISBANCO DO BRASIL S.A.                    12702202500432700156708301600                                                                     
00100011R01  042 2073584245000187001310698001417000  02273X0000000142433 MADRESILVA INDUSTRIA DE MOVEIS                                                                                000015672702202500000000                                 
0010001300001P 0102273X0000000142433 13106980000081341   71122046250/01      2903202500000000100082900000 02N270220251300320250000000000012010000000000000000000000000000000000000000000000000000001X340DM2Y                3000000090000000000 
0010001300002Q 012002704419000826ATLANTIDA DECORACOES LTDA               SETOR SDMC Q 6 LT 52,54,56,58,60,62,63,6SETOR DE MATERI72265725BRASILIA       DF0000000000000000                                        000                            
0010001300003R 01000000000000000000000000000000000000000000000000230032025000000000000200                                                                                                              0000000000000000 000000000000  0         
0010001300004P 0102273X0000000142433 13106980000081342   71122046250/02      0804202500000000091190900000 02N27022025109042025000000000001094000000000000000000000000000000000000000000000000000000H468R7ICN                3000000090000000000 
0010001300005Q 012002704419000826ATLANTIDA DECORACOES LTDA               SETOR SDMC Q 6 LT 52,54,56,58,60,62,63,6SETOR DE MATERI72265725BRASILIA       DF0000000000000000                                        000                            
0010001300006R 01000000000000000000000000000000000000000000000000209042025000000000000200                                                                                                              0000000000000000 000000000000  0         
0010001300007P 0102273X0000000142433 13106980000081343   71122046250/03      1804202500000000091218200000 02N27022025119042025000000000001095000000000000000000000000000000000000000000000000000000OLBWM3RZI                3000000090000000000 
0010001300008Q 012002704419000826ATLANTIDA DECORACOES LTDA               SETOR SDMC Q 6 LT 52,54,56,58,60,62,63,6SETOR DE MATERI72265725BRASILIA       DF0000000000000000                                        000                            
0010001300009R 01000000000000000000000000000000000000000000000000219042025000000000000200                                                                                                              0000000000000000 000000000000  0         
00100015         00001100000000000000000000000000000000000000000000000000000000000000000000000000000000000000000000                                                                                                                             
00199999         000001000013000000                                                                                                                                                                                                             
